@article{hyggekaffe,
	Affiliation = {Aalborg University},
	Author = {Jesper Baekdahl and Rolf Madsen and Mikkel Thesbjerg and Simon Have},
	Issn = {0920-5691},
	Issue = {2},
	Journal = {International Journal of Computer Vision},
	Keyword = {Computer Science},
	Pages = {128-137},
	Publisher = {Springer Netherlands},
	Title = {Real-time marker-less drift-free orientation estimation},
	Volume = {81},
	Year = {2009},
	Bdsk-Url-1 = {http://dx.doi.org/10.1007/s11263-008-0129-5},
}
	
@book{essentialmath,
 author = {Verth, James M. Van and Bishop, Lars M.},
 title = {Essential Mathematics for Games and Interactive Applications, Second Edition: A Programmer's Guide},
 year = {2008},
 isbn = {9780123742971},
 edition = {2},
 publisher = {Morgan Kaufmann Publishers Inc.},
 address = {San Francisco, CA, USA},
} 

@article{poolregulations,
	Author = {World Pool Association},
	url = {http://pool.bz/glossary/3-game-rules/535-wpa-tournament-table-equipment-specifications.html},
}
	
@article{contour,
	Author = {Satoshi Suzuki and Keiichi Abe},
	url = {Topological Structural Analysis of Digitized Binary Images by Border Following},
}

@misc{opencv,
	Author = {OpenCV},
	url = {http://opencv.willowgarage.com},
}

@misc{emgu,
	Author = {Emgu},
	url = {http://www.emgu.com/},
}
@article{larsbopool,
	author = {Lars Bo Larsen, Rene B. Jensen, Kasper L. Jensen, SÃ¸ren Larsen},
	title = {Development of an automatic pool trainer.},
	year = {2005},
	Journal = {Proceedings of the 2005 ACM SIGCHI International Conference on Advances in computer 		entertainment technology},	
	url = {http://delivery.acm.org.zorac.aub.aau.dk/10.1145/1180000/1178488/p83-larsen.pdf},
}